<?xml version="1.0" encoding="UTF-8" ?>
<collection xmlns:xsi="http://www.w3.org/2001/XMLSchema-instance" xsi:schemaLocation="http://www.loc.gov/MARC21/slim http://www.loc.gov/standards/marcxml/schema/MARC21slim.xsd" xmlns="http://www.loc.gov/MARC21/slim">
   <record>
      <leader>     mam a22      a 4500</leader>
      <controlfield tag="001">1847446</controlfield>
      <controlfield tag="003">NIC</controlfield>
      <controlfield tag="005">20131119174958.0</controlfield>
      <controlfield tag="008">880518q19801987ir            000 0 araod</controlfield>
      <datafield tag="010" ind1=" " ind2=" ">
         <subfield code="a">   86930377 </subfield>
      </datafield>
      <datafield tag="035" ind1=" " ind2=" ">
         <subfield code="a">(NIC)notisAJQ6002</subfield>
      </datafield>
      <datafield tag="035" ind1=" " ind2=" ">
         <subfield code="a">(OCoLC)30475717</subfield>
      </datafield>
      <datafield tag="035" ind1=" " ind2=" ">
         <subfield code="a">1847446</subfield>
      </datafield>
      <datafield tag="040" ind1=" " ind2=" ">
         <subfield code="a">MiU</subfield>
         <subfield code="c">MiU</subfield>
         <subfield code="d">NIC</subfield>
      </datafield>
      <datafield tag="100" ind1="1" ind2=" ">
         <subfield code="a">Taftāzānī, Masʻūd ibn ʻUmar,</subfield>
         <subfield code="d">1322-1389?</subfield>
      </datafield>
      <datafield tag="240" ind1="1" ind2="0">
         <subfield code="a">Mukhtaṣar</subfield>
      </datafield>
      <datafield tag="245" ind1="1" ind2="0">
         <subfield code="a">Shurūḥ al-talkhīṣ :</subfield>
         <subfield code="b">wa-hiya mukhtaṣar al-ʻallāmah Saʻd al-Dīn al-Taftāzānī ʻalá Talkhīṣ al-miftāḥ lil-Khaṭīb al-Qazwīnī ; wa-Mawāhib al-fattāḥ fī sharḥ Talkhīṣ al-Miftāḥ li-Bahāʾ al-Dīn al-Subkī ... /</subfield>
         <subfield code="c">[Saʻd al-Dīn al-Taftāzānī].</subfield>
      </datafield>
      <datafield tag="260" ind1=" " ind2=" ">
         <subfield code="a">[Qum] :</subfield>
         <subfield code="b">Nashr Adab al-Ḥawzah,</subfield>
         <subfield code="c">[198-?]</subfield>
      </datafield>
      <datafield tag="300" ind1=" " ind2=" ">
         <subfield code="a">4 v. ;</subfield>
         <subfield code="c">30 cm.</subfield>
      </datafield>
      <datafield tag="500" ind1=" " ind2=" ">
         <subfield code="a">Partially vocalized.</subfield>
      </datafield>
      <datafield tag="650" ind1=" " ind2="0">
         <subfield code="a">Arabic language</subfield>
         <subfield code="x">Rhetoric.</subfield>
      </datafield>
      <datafield tag="600" ind1="1" ind2="0">
         <subfield code="a">Qazwīnī, Jalāl al-Dīn Muḥammad ibn ʻAbd al-Raḥmān,</subfield>
         <subfield code="d">1267 or 8-1338. </subfield>
         <subfield code="t">Talkhīṣ al-miftāḥ.</subfield>
      </datafield>
      <datafield tag="700" ind1="0" ind2=" ">
         <subfield code="a">Ibn Yaʻqūb al-Maghribī.</subfield>
         <subfield code="t">Mawāhib al-fattāḥ fī sharḥ talkhīṣal -miftāḥ.</subfield>
      </datafield>
      <datafield tag="700" ind1="1" ind2=" ">
         <subfield code="a">Qazwīnī, Jalāl al-Dīn Muḥammad ibn ʻAbd al-Raḥmān,</subfield>
         <subfield code="d">1267 or 8-1338.</subfield>
         <subfield code="t">Īḍāḥ fī ʻulūm al-balāghah.</subfield>
      </datafield>
      <datafield tag="700" ind1="1" ind2=" ">
         <subfield code="a">Bahāʾ al-Dīn al-Subkī,</subfield>
         <subfield code="d">1319-1371.</subfield>
         <subfield code="t">ʻArūs al-afrāḥ fī sharḥ talkhīṣ al-miftāḥ.</subfield>
      </datafield>
      <datafield tag="903" ind1=" " ind2=" ">
         <subfield code="a">NYUACO</subfield>
         <subfield code="d">20131119</subfield>
         <subfield code="p">31924059027130</subfield>
      </datafield>
      <datafield tag="903" ind1=" " ind2=" ">
         <subfield code="a">NYUACO</subfield>
         <subfield code="d">20131119</subfield>
         <subfield code="p">31924059027148</subfield>
      </datafield>
      <datafield tag="903" ind1=" " ind2=" ">
         <subfield code="a">NYUACO</subfield>
         <subfield code="d">20131119</subfield>
         <subfield code="p">31924059027155</subfield>
      </datafield>
      <datafield tag="903" ind1=" " ind2=" ">
         <subfield code="a">NYUACO</subfield>
         <subfield code="d">20131119</subfield>
         <subfield code="p">31924059027163</subfield>
      </datafield>
      <datafield tag="905" ind1=" " ind2=" ">
         <subfield code="a">19970710120000.0</subfield>
      </datafield>
      <datafield tag="948" ind1="2" ind2=" ">
         <subfield code="a">20100406</subfield>
         <subfield code="b">m</subfield>
         <subfield code="d">batch</subfield>
         <subfield code="e">lts</subfield>
         <subfield code="x">del9XXtxt</subfield>
      </datafield>
      <datafield tag="995" ind1=" " ind2=" ">
         <subfield code="a">Hivolm</subfield>
         <subfield code="d">20100406</subfield>
      </datafield>
      <datafield tag="903" ind1=" " ind2=" ">
         <subfield code="a">NYUACO</subfield>
         <subfield code="d">20140402</subfield>
         <subfield code="p">31924059027130</subfield>
      </datafield>
      <datafield tag="950" ind1=" " ind2=" ">
         <subfield code="a">Oversize</subfield>
         <subfield code="b">PJ6161 .T12 1980z +</subfield>
         <subfield code="v">juz2 </subfield>
      </datafield>
      <datafield tag="903" ind1=" " ind2=" ">
         <subfield code="a">NYUACO</subfield>
         <subfield code="d">20140402</subfield>
         <subfield code="p">31924059027148</subfield>
      </datafield>
      <datafield tag="950" ind1=" " ind2=" ">
         <subfield code="a">Oversize</subfield>
         <subfield code="b">PJ6161 .T12 1980z +</subfield>
         <subfield code="v">juz3 </subfield>
      </datafield>
      <datafield tag="903" ind1=" " ind2=" ">
         <subfield code="a">NYUACO</subfield>
         <subfield code="d">20140402</subfield>
         <subfield code="p">31924059027155</subfield>
      </datafield>
      <datafield tag="950" ind1=" " ind2=" ">
         <subfield code="a">Oversize</subfield>
         <subfield code="b">PJ6161 .T12 1980z +</subfield>
         <subfield code="v">juz4 </subfield>
      </datafield>
      <datafield tag="903" ind1=" " ind2=" ">
         <subfield code="a">NYUACO</subfield>
         <subfield code="d">20140402</subfield>
         <subfield code="p">31924059027163</subfield>
      </datafield>
      <datafield tag="950" ind1=" " ind2=" ">
         <subfield code="a">Oversize</subfield>
         <subfield code="b">PJ6161 .T12 1980z +</subfield>
         <subfield code="v">juz1 </subfield>
      </datafield>
   </record>
</collection>
